<record xmlns='http://www.loc.gov/MARC21/slim'><leader>02123cam a22003611a 4500</leader><controlfield tag='001'>5784759</controlfield><controlfield tag='005'>20170421171211.0</controlfield><controlfield tag='008'>850619r19721936ch            000 0 chi d</controlfield><datafield ind1=' ' ind2=' ' tag='035'><subfield code='a'>(OCoLC)12173954</subfield><subfield code='z'>(OCoLC)265055261</subfield></datafield><datafield ind1=' ' ind2=' ' tag='040'><subfield code='a'>SNN</subfield><subfield code='c'>SNN</subfield><subfield code='d'>COO</subfield><subfield code='d'>PIT</subfield><subfield code='d'>OCL</subfield></datafield><datafield ind1=' ' ind2='4' tag='050'><subfield code='a'>AC149</subfield><subfield code='b'>.P553 1972</subfield></datafield><datafield ind1='0' ind2='0' tag='245'><subfield code='6'>880-01</subfield><subfield code='a'>Bing zi cong bian /</subfield><subfield code='c'>Zhao Yichen, Wang Dalong ji.</subfield></datafield><datafield ind1='0' ind2='0' tag='880'><subfield code='6'>245-01</subfield><subfield code='a'>丙子叢編 /</subfield><subfield code='c'>趙詒琛, 王大隆輯.</subfield></datafield><datafield ind1=' ' ind2=' ' tag='260'><subfield code='6'>880-02</subfield><subfield code='a'>[Taibei] :</subfield><subfield code='b'>Yi wen yin shu guan,</subfield><subfield code='c'>Minguo 61 [1972]</subfield></datafield><datafield ind1=' ' ind2=' ' tag='880'><subfield code='6'>260-02</subfield><subfield code='a'>[臺北] :</subfield><subfield code='b'>藝文印書館,</subfield><subfield code='c'>民國61 [1972]</subfield></datafield><datafield ind1=' ' ind2=' ' tag='300'><subfield code='a'>1 v. in various foliations ;</subfield><subfield code='c'>20 cm.</subfield></datafield><datafield ind1='1' ind2=' ' tag='490'><subfield code='6'>880-03</subfield><subfield code='a'>Cong shu jing hua. Hui bian lei</subfield></datafield><datafield ind1='1' ind2=' ' tag='880'><subfield code='6'>490-03</subfield><subfield code='a'>叢書菁華. 彙編類</subfield></datafield><datafield ind1=' ' ind2=' ' tag='500'><subfield code='a'>On double leaves, oriental style.</subfield></datafield><datafield ind1=' ' ind2=' ' tag='500'><subfield code='6'>880-04</subfield><subfield code='a'>Facsims. reprint of Minguo bing zi (1936) qian yin ben.</subfield></datafield><datafield ind1=' ' ind2=' ' tag='880'><subfield code='6'>500-04</subfield><subfield code='a'>Facsims. reprint of 民國丙子(1936)鉛印本.</subfield></datafield><datafield ind1='4' ind2=' ' tag='510'><subfield code='6'>880-05</subfield><subfield code='a'>For contents see &quot;Zhongguo cong shu zong lu&quot;,</subfield><subfield code='c'>1:307.</subfield></datafield><datafield ind1='4' ind2=' ' tag='880'><subfield code='6'>510-05</subfield><subfield code='a'>For contents see &quot;中國叢書綜錄&quot;,</subfield><subfield code='c'>1:307.</subfield></datafield><datafield ind1=' ' ind2=' ' tag='530'><subfield code='a'>Also issued online.</subfield></datafield><datafield ind1=' ' ind2='0' tag='650'><subfield code='a'>Chinese literature.</subfield></datafield><datafield ind1='1' ind2=' ' tag='700'><subfield code='6'>880-06</subfield><subfield code='a'>Zhao, Yichen.</subfield></datafield><datafield ind1='1' ind2=' ' tag='880'><subfield code='6'>700-06</subfield><subfield code='a'>趙詒琛.</subfield></datafield><datafield ind1='1' ind2=' ' tag='700'><subfield code='6'>880-07</subfield><subfield code='a'>Wang, Dalong.</subfield></datafield><datafield ind1='1' ind2=' ' tag='880'><subfield code='6'>700-07</subfield><subfield code='a'>王大隆.</subfield></datafield><datafield ind1='0' ind2='8' tag='776'><subfield code='i'>Online version:</subfield><subfield code='t'>Bing zi cong bian.</subfield><subfield code='d'>[Taibei] : Yi wen yin shu guan, Minguo 61 [1972]</subfield><subfield code='w'>(OCoLC)645400724</subfield></datafield><datafield ind1=' ' ind2='0' tag='830'><subfield code='6'>880-97</subfield><subfield code='a'>Cong shu jing hua.</subfield><subfield code='p'>Hui bian lei.</subfield></datafield><datafield ind1=' ' ind2='0' tag='880'><subfield code='6'>830-97</subfield><subfield code='a'>叢書菁華.</subfield><subfield code='p'>彙編類.</subfield></datafield><datafield ind1='0' ind2='0' tag='880'><subfield code='6'>505-00</subfield><subfield code='g'>[1]</subfield><subfield code='t'>孟子趙注考證 /</subfield><subfield code='r'>(淸)桂文燦撰 --</subfield><subfield code='g'>[2]</subfield><subfield code='t'>兩漢訂誤 /</subfield><subfield code='r'>(淸)陳景雲撰 --</subfield><subfield code='g'>[3]</subfield><subfield code='t'>閭邱先生自訂年譜 /</subfield><subfield code='r'>(淸)顧嗣立撰 --</subfield><subfield code='g'>[4]</subfield><subfield code='t'>竹垞府君行述 /</subfield><subfield code='r'>(淸)朱桂孫</subfield><subfield code='r'>(淸)朱稻孫撰 --</subfield><subfield code='g'>[5]</subfield><subfield code='t'>家兒私語 /</subfield><subfield code='r'>(明)徐復祚撰 --</subfield><subfield code='g'>[6]</subfield><subfield code='t'>西廬家書 /</subfield><subfield code='r'>(淸)王時敏撰 --</subfield><subfield code='g'>[7]</subfield><subfield code='t'>資敬堂家訓 /</subfield><subfield code='r'>(淸)王師晉撰 --</subfield><subfield code='g'>[8]</subfield><subfield code='t'>荷香舘瑣言 /</subfield><subfield code='r'>(民國)丁國鈞撰 --</subfield><subfield code='g'>[9]</subfield><subfield code='t'>天瓶齋書畫題跋 /</subfield><subfield code='r'>(淸)張照撰 --</subfield><subfield code='g'>[10]</subfield><subfield code='t'>天瓶齋書畫題跋補輯 /</subfield><subfield code='r'>(淸)張照撰</subfield><subfield code='r'>(淸)王興載補輯 --</subfield><subfield code='g'>[11]</subfield><subfield code='t'>桐菴存稿 /</subfield><subfield code='r'>(明)鄭敷敎撰 --</subfield><subfield code='g'>[12]</subfield><subfield code='t'>寫禮廎遺詞 /</subfield><subfield code='r'>(淸)王頌蔚撰.</subfield></datafield></record>